<collection xmlns="http://www.loc.gov/MARC21/slim">
<record>
  <leader>00712ncm0a22001931i 450 </leader>
  <controlfield tag="001">IT\ICCU\CNCE\072026</controlfield>
  <controlfield tag="005">20071114000000.0</controlfield>
  <datafield tag="100" ind1=" " ind2=" ">
    <subfield code="a">20071114d1582        0itac0103    ba</subfield>
  </datafield>
  <datafield tag="101" ind1=" " ind2=" ">
    <subfield code="a">ITA</subfield>
  </datafield>
  <datafield tag="102" ind1=" " ind2=" ">
    <subfield code="a">BE</subfield>
  </datafield>
  <datafield tag="200" ind1="1" ind2=" ">
    <subfield code="a">Libro de villanelle, moresche, et altre canzoni, a 4, 5, 6 et 8 voci</subfield>
  </datafield>
  <datafield tag="210" ind1=" " ind2=" ">
    <subfield code="a">Anversa</subfield>
    <subfield code="c">Pierre Phals̈e e Jean Bellr̈e</subfield>
    <subfield code="d">1582</subfield>
  </datafield>
  <datafield tag="300" ind1=" " ind2=" ">
    <subfield code="a">RISM: L 941</subfield>
  </datafield>
  <datafield tag="620" ind1=" " ind2=" ">
    <subfield code="a">BE</subfield>
    <subfield code="d">Anversa</subfield>
  </datafield>
  <datafield tag="700" ind1=" " ind2="1">
    <subfield code="a">Lasso,</subfield>
    <subfield code="b">Orlando : di</subfield>
    <subfield code="3">IT\ICCU\CNCA\011715</subfield>
  </datafield>
  <datafield tag="712" ind1="0" ind2="0">
    <subfield code="a">Phals̈e, Pierre &lt;2.&gt; &amp; Bellr̈e, Jean</subfield>
    <subfield code="3">IT\ICCU\CNCT\003249</subfield>
    <subfield code="4">650</subfield>
  </datafield>
  <datafield tag="790" ind1=" " ind2="1">
    <subfield code="a">Lattre,</subfield>
    <subfield code="b">Roland : de</subfield>
    <subfield code="3">IT\ICCU\CNCA\011716</subfield>
    <subfield code="z">Lasso, Orlando : di</subfield>
  </datafield>
  <datafield tag="790" ind1=" " ind2="1">
    <subfield code="a">Lassus,</subfield>
    <subfield code="b">Orlande : de</subfield>
    <subfield code="3">IT\ICCU\CNCA\019974</subfield>
    <subfield code="z">Lasso, Orlando : di</subfield>
  </datafield>
  <datafield tag="801" ind1=" " ind2="3">
    <subfield code="a">IT</subfield>
    <subfield code="b">ICCU</subfield>
    <subfield code="c">20201115</subfield>
  </datafield>
</record>
</collection>
